[gd_scene load_steps=21 format=3 uid="uid://dxncj5q2i0rtg"]

[ext_resource type="Script" path="res://player/player.gd" id="1_3ksa6"]
[ext_resource type="Texture2D" uid="uid://yvkldct31lce" path="res://art/player sprite.png" id="1_y62vh"]
[ext_resource type="Resource" uid="uid://cwvg20n551ecv" path="res://inventory/playerInventory.tres" id="2_iplr8"]
[ext_resource type="Script" path="res://player/weapon.gd" id="4_ifx3n"]
[ext_resource type="PackedScene" uid="uid://dr7limxrgl4lb" path="res://player/sword.tscn" id="4_peprl"]

[sub_resource type="Animation" id="Animation_kxq3r"]
length = 0.001
tracks/0/type = "value"
tracks/0/imported = false
tracks/0/enabled = true
tracks/0/path = NodePath(".:frame_coords")
tracks/0/interp = 1
tracks/0/loop_wrap = true
tracks/0/keys = {
"times": PackedFloat32Array(0),
"transitions": PackedFloat32Array(1),
"update": 1,
"values": [Vector2i(0, 0)]
}
tracks/1/type = "value"
tracks/1/imported = false
tracks/1/enabled = true
tracks/1/path = NodePath("../weapon:rotation")
tracks/1/interp = 1
tracks/1/loop_wrap = true
tracks/1/keys = {
"times": PackedFloat32Array(0),
"transitions": PackedFloat32Array(1),
"update": 0,
"values": [2.0944]
}
tracks/2/type = "value"
tracks/2/imported = false
tracks/2/enabled = true
tracks/2/path = NodePath("../weapon:position")
tracks/2/interp = 1
tracks/2/loop_wrap = true
tracks/2/keys = {
"times": PackedFloat32Array(0),
"transitions": PackedFloat32Array(1),
"update": 0,
"values": [Vector2(5, 0)]
}

[sub_resource type="Animation" id="Animation_n3lmb"]
resource_name = "attackDown"
length = 0.1
step = 0.05
tracks/0/type = "value"
tracks/0/imported = false
tracks/0/enabled = true
tracks/0/path = NodePath(".:frame_coords")
tracks/0/interp = 1
tracks/0/loop_wrap = true
tracks/0/keys = {
"times": PackedFloat32Array(0, 0.1),
"transitions": PackedFloat32Array(1, 1),
"update": 1,
"values": [Vector2i(0, 4), Vector2i(0, 2)]
}
tracks/1/type = "value"
tracks/1/imported = false
tracks/1/enabled = true
tracks/1/path = NodePath("../weapon:rotation")
tracks/1/interp = 1
tracks/1/loop_wrap = true
tracks/1/keys = {
"times": PackedFloat32Array(0, 0.05, 0.1),
"transitions": PackedFloat32Array(1, 1, 1),
"update": 0,
"values": [-4.18879, -3.14159, -2.0944]
}
tracks/2/type = "value"
tracks/2/imported = false
tracks/2/enabled = true
tracks/2/path = NodePath("../weapon:position")
tracks/2/interp = 1
tracks/2/loop_wrap = true
tracks/2/keys = {
"times": PackedFloat32Array(0, 0.05, 0.1),
"transitions": PackedFloat32Array(1, 1, 1),
"update": 0,
"values": [Vector2(5, 0), Vector2(0, 1), Vector2(-5, 0)]
}

[sub_resource type="Animation" id="Animation_kdlb5"]
resource_name = "attackLeft"
length = 0.1
step = 0.05
tracks/0/type = "value"
tracks/0/imported = false
tracks/0/enabled = true
tracks/0/path = NodePath(".:frame_coords")
tracks/0/interp = 1
tracks/0/loop_wrap = true
tracks/0/keys = {
"times": PackedFloat32Array(0, 0.1),
"transitions": PackedFloat32Array(1, 1),
"update": 1,
"values": [Vector2i(2, 4), Vector2i(2, 2)]
}
tracks/1/type = "value"
tracks/1/imported = false
tracks/1/enabled = true
tracks/1/path = NodePath("../weapon:position")
tracks/1/interp = 1
tracks/1/loop_wrap = true
tracks/1/keys = {
"times": PackedFloat32Array(0, 0.05, 0.1),
"transitions": PackedFloat32Array(1, 1, 1),
"update": 0,
"values": [Vector2(-8, -12), Vector2(-9, -6), Vector2(-8, -2)]
}
tracks/2/type = "value"
tracks/2/imported = false
tracks/2/enabled = true
tracks/2/path = NodePath("../weapon:rotation")
tracks/2/interp = 1
tracks/2/loop_wrap = true
tracks/2/keys = {
"times": PackedFloat32Array(0, 0.05, 0.1),
"transitions": PackedFloat32Array(1, 1, 1),
"update": 0,
"values": [-1.0472, -1.5708, -2.0944]
}

[sub_resource type="Animation" id="Animation_gj80g"]
resource_name = "attackRight"
length = 0.1
step = 0.05
tracks/0/type = "value"
tracks/0/imported = false
tracks/0/enabled = true
tracks/0/path = NodePath(".:frame_coords")
tracks/0/interp = 1
tracks/0/loop_wrap = true
tracks/0/keys = {
"times": PackedFloat32Array(0, 0.1),
"transitions": PackedFloat32Array(1, 1),
"update": 1,
"values": [Vector2i(3, 4), Vector2i(3, 2)]
}
tracks/1/type = "value"
tracks/1/imported = false
tracks/1/enabled = true
tracks/1/path = NodePath("../weapon:position")
tracks/1/interp = 1
tracks/1/loop_wrap = true
tracks/1/keys = {
"times": PackedFloat32Array(0, 0.05, 0.1),
"transitions": PackedFloat32Array(1, 1, 1),
"update": 0,
"values": [Vector2(8, -12), Vector2(9, -6), Vector2(8, -2)]
}
tracks/2/type = "value"
tracks/2/imported = false
tracks/2/enabled = true
tracks/2/path = NodePath("../weapon:rotation")
tracks/2/interp = 1
tracks/2/loop_wrap = true
tracks/2/keys = {
"times": PackedFloat32Array(0, 0.05, 0.1),
"transitions": PackedFloat32Array(1, 1, 1),
"update": 0,
"values": [1.0472, 1.5708, 2.0944]
}

[sub_resource type="Animation" id="Animation_u11ab"]
resource_name = "attackUp"
length = 0.1
step = 0.05
tracks/0/type = "value"
tracks/0/imported = false
tracks/0/enabled = true
tracks/0/path = NodePath(".:frame_coords")
tracks/0/interp = 1
tracks/0/loop_wrap = true
tracks/0/keys = {
"times": PackedFloat32Array(0, 0.1),
"transitions": PackedFloat32Array(1, 1),
"update": 1,
"values": [Vector2i(1, 4), Vector2i(1, 2)]
}
tracks/1/type = "value"
tracks/1/imported = false
tracks/1/enabled = true
tracks/1/path = NodePath("../weapon:position")
tracks/1/interp = 1
tracks/1/loop_wrap = true
tracks/1/keys = {
"times": PackedFloat32Array(0, 0.05, 0.1),
"transitions": PackedFloat32Array(1, 1, 1),
"update": 0,
"values": [Vector2(-5, -15), Vector2(0, -15), Vector2(5, -14)]
}
tracks/2/type = "value"
tracks/2/imported = false
tracks/2/enabled = true
tracks/2/path = NodePath("../weapon:rotation")
tracks/2/interp = 1
tracks/2/loop_wrap = true
tracks/2/keys = {
"times": PackedFloat32Array(0, 0.05, 0.1),
"transitions": PackedFloat32Array(1, 1, 1),
"update": 0,
"values": [-1.0472, 0.0, 1.0472]
}

[sub_resource type="Animation" id="Animation_eg46l"]
resource_name = "walkDown"
length = 0.8
loop_mode = 1
tracks/0/type = "value"
tracks/0/imported = false
tracks/0/enabled = true
tracks/0/path = NodePath(".:frame_coords")
tracks/0/interp = 1
tracks/0/loop_wrap = true
tracks/0/keys = {
"times": PackedFloat32Array(0, 0.2, 0.4, 0.6),
"transitions": PackedFloat32Array(1, 1, 1, 1),
"update": 1,
"values": [Vector2i(0, 0), Vector2i(0, 1), Vector2i(0, 2), Vector2i(0, 3)]
}

[sub_resource type="Animation" id="Animation_l3jeh"]
resource_name = "walkLeft"
length = 0.8
loop_mode = 1
tracks/0/type = "value"
tracks/0/imported = false
tracks/0/enabled = true
tracks/0/path = NodePath(".:frame_coords")
tracks/0/interp = 1
tracks/0/loop_wrap = true
tracks/0/keys = {
"times": PackedFloat32Array(0, 0.2, 0.4, 0.6),
"transitions": PackedFloat32Array(1, 1, 1, 1),
"update": 1,
"values": [Vector2i(2, 0), Vector2i(2, 1), Vector2i(2, 2), Vector2i(2, 3)]
}

[sub_resource type="Animation" id="Animation_gewu0"]
resource_name = "walkRight"
length = 0.8
loop_mode = 1
tracks/0/type = "value"
tracks/0/imported = false
tracks/0/enabled = true
tracks/0/path = NodePath(".:frame_coords")
tracks/0/interp = 1
tracks/0/loop_wrap = true
tracks/0/keys = {
"times": PackedFloat32Array(0, 0.2, 0.4, 0.6),
"transitions": PackedFloat32Array(1, 1, 1, 1),
"update": 1,
"values": [Vector2i(3, 0), Vector2i(3, 1), Vector2i(3, 2), Vector2i(3, 3)]
}

[sub_resource type="Animation" id="Animation_042fu"]
resource_name = "walkUp"
length = 0.8
loop_mode = 1
tracks/0/type = "value"
tracks/0/imported = false
tracks/0/enabled = true
tracks/0/path = NodePath(".:frame_coords")
tracks/0/interp = 1
tracks/0/loop_wrap = true
tracks/0/keys = {
"times": PackedFloat32Array(0, 0.2, 0.4, 0.6),
"transitions": PackedFloat32Array(1, 1, 1, 1),
"update": 1,
"values": [Vector2i(1, 0), Vector2i(1, 1), Vector2i(1, 2), Vector2i(1, 3)]
}

[sub_resource type="AnimationLibrary" id="AnimationLibrary_jy133"]
_data = {
"RESET": SubResource("Animation_kxq3r"),
"attackDown": SubResource("Animation_n3lmb"),
"attackLeft": SubResource("Animation_kdlb5"),
"attackRight": SubResource("Animation_gj80g"),
"attackUp": SubResource("Animation_u11ab"),
"walkDown": SubResource("Animation_eg46l"),
"walkLeft": SubResource("Animation_l3jeh"),
"walkRight": SubResource("Animation_gewu0"),
"walkUp": SubResource("Animation_042fu")
}

[sub_resource type="RectangleShape2D" id="RectangleShape2D_em6hy"]
size = Vector2(14, 3)

[sub_resource type="RectangleShape2D" id="RectangleShape2D_ddnm4"]
size = Vector2(14, 12.5)

[sub_resource type="Animation" id="Animation_ve4ps"]
length = 0.001
tracks/0/type = "value"
tracks/0/imported = false
tracks/0/enabled = true
tracks/0/path = NodePath("Sprite2D/ColorRect:color")
tracks/0/interp = 1
tracks/0/loop_wrap = true
tracks/0/keys = {
"times": PackedFloat32Array(0),
"transitions": PackedFloat32Array(1),
"update": 0,
"values": [Color(1, 0, 0, 0)]
}

[sub_resource type="Animation" id="Animation_6s0ye"]
resource_name = "hurtBlink"
length = 0.4
loop_mode = 1
step = 0.2
tracks/0/type = "value"
tracks/0/imported = false
tracks/0/enabled = true
tracks/0/path = NodePath("Sprite2D/ColorRect:color")
tracks/0/interp = 1
tracks/0/loop_wrap = true
tracks/0/keys = {
"times": PackedFloat32Array(0, 0.4),
"transitions": PackedFloat32Array(1, 1),
"update": 0,
"values": [Color(1, 0, 0.152941, 0.501961), Color(1, 1, 1, 1)]
}

[sub_resource type="AnimationLibrary" id="AnimationLibrary_uwchi"]
_data = {
"RESET": SubResource("Animation_ve4ps"),
"hurtBlink": SubResource("Animation_6s0ye")
}

[node name="Player" type="CharacterBody2D"]
z_index = 1
y_sort_enabled = true
texture_filter = 1
script = ExtResource("1_3ksa6")
inventory = ExtResource("2_iplr8")

[node name="Sprite2D" type="Sprite2D" parent="."]
clip_children = 2
texture = ExtResource("1_y62vh")
offset = Vector2(0, -8)
hframes = 4
vframes = 7

[node name="ColorRect" type="ColorRect" parent="Sprite2D"]
offset_left = -20.0
offset_top = -25.0
offset_right = 20.0
offset_bottom = 15.0
color = Color(1, 0, 0, 0)

[node name="AnimationPlayer" type="AnimationPlayer" parent="."]
root_node = NodePath("../Sprite2D")
libraries = {
"": SubResource("AnimationLibrary_jy133")
}

[node name="CollisionShape2D" type="CollisionShape2D" parent="."]
position = Vector2(0, -1.5)
shape = SubResource("RectangleShape2D_em6hy")

[node name="hurtBox" type="Area2D" parent="."]
collision_layer = 0
collision_mask = 5

[node name="CollisionShape2D" type="CollisionShape2D" parent="hurtBox"]
position = Vector2(0, -6.25)
shape = SubResource("RectangleShape2D_ddnm4")

[node name="Effects" type="AnimationPlayer" parent="."]
libraries = {
"": SubResource("AnimationLibrary_uwchi")
}

[node name="hurtTimer" type="Timer" parent="."]
one_shot = true

[node name="weapon" type="Node2D" parent="."]
position = Vector2(5, 0)
rotation = 2.0944
script = ExtResource("4_ifx3n")

[node name="sword" parent="weapon" instance=ExtResource("4_peprl")]

[connection signal="area_entered" from="hurtBox" to="." method="_on_hurt_box_area_entered"]
[connection signal="area_exited" from="hurtBox" to="." method="_on_hurt_box_area_exited"]
